@online{f2255nlgk.2020,
	title = {Datasheet F2255NLGK - Digital Controllable RF Attenuator},
	author = {Renesas Electronics Corporation},
	date = {2020},
	url = {https://www.mouser.at/datasheet/2/698/IDT_F2255_Datasheet_DST_20180209-1997542.pdf},
	urldate = {2021-04-09}
}

@online{airCoilCalculator.2015,
	title = {Online Air Cored Inductor Calculator},
	author = {M0UKD},
	date = {2015},
	url = {https://m0ukd.com/calculators/air-cored-inductor-calculator/},
	urldate = {2021-04-09}
}

@online{CPWGCalculator.2021,
	title = {Online Coplanar Waveguide Grounded Impedance Calculator},
	author = {CHEMANDY ELECTRONICS},
	date = {2021},
	url = {https://chemandy.com/calculators/coplanar-waveguide-with-ground-calculator.htm},
	urldate = {2021-04-09}
}

@book{transmissionLineDesign,
	title={Transmission Line Design Handbook},
	author={Brian C. Wadell},
	isbn={0-89006-436-9},
	year={1991},
	publisher={Artech House},
	keywords = {physics}
}